<record><leader>00000cas a22000007a 4500</leader><controlfield tag="001">11105599</controlfield><controlfield tag="008">840830d18721873iauwr ne      0    0eng d</controlfield><datafield ind1=" " ind2=" " tag="010"><subfield code="a">sn 84027407 </subfield></datafield><datafield ind1=" " ind2=" " tag="040"><subfield code="a">NPU</subfield><subfield code="b">eng</subfield><subfield code="c">NPU</subfield><subfield code="d">OCLCQ</subfield></datafield><datafield ind1=" " ind2=" " tag="042"><subfield code="a">msc</subfield></datafield><datafield ind1="0" ind2="0" tag="245"><subfield code="a">Webster City index.</subfield></datafield><datafield ind1=" " ind2=" " tag="260"><subfield code="a">Webster City, Iowa :</subfield><subfield code="b">Raber Bros.</subfield></datafield><datafield ind1=" " ind2=" " tag="300"><subfield code="a">v. ;</subfield><subfield code="c">66 cm.</subfield></datafield><datafield ind1=" " ind2=" " tag="310"><subfield code="a">Weekly</subfield></datafield><datafield ind1="1" ind2=" " tag="362"><subfield code="a">Began in 1872; ceased in 1873.</subfield><subfield code="z">Cf. Bibl. of Iowa newspapers, 1836-1976.</subfield></datafield><datafield ind1=" " ind2=" " tag="500"><subfield code="a">Published every Saturday.</subfield></datafield><datafield ind1=" " ind2=" " tag="588"><subfield code="a">Description based on: Vol. 2, no. 17 (Apr. 26, 1873).</subfield></datafield><datafield ind1=" " ind2=" " tag="752"><subfield code="a">United States</subfield><subfield code="b">Iowa</subfield><subfield code="c">Hamilton</subfield><subfield code="d">Webster City.</subfield></datafield></record>